<record><leader>00000cas a22000007a 4500</leader><controlfield tag="001">19277911</controlfield><controlfield tag="008">890228d19691974aruwr ne      0    0eng d</controlfield><datafield ind1=" " ind2=" " tag="010"><subfield code="a">sn 89051083 </subfield></datafield><datafield ind1=" " ind2=" " tag="040"><subfield code="a">ANU</subfield><subfield code="b">eng</subfield><subfield code="c">ANU</subfield><subfield code="d">OCLCQ</subfield></datafield><datafield ind1=" " ind2=" " tag="042"><subfield code="a">msc</subfield></datafield><datafield ind1=" " ind2=" " tag="043"><subfield code="a">n-us-ar</subfield></datafield><datafield ind1="0" ind2=" " tag="130"><subfield code="a">Leader (Lincoln, Ark.)</subfield></datafield><datafield ind1="1" ind2="4" tag="245"><subfield code="a">The Leader.</subfield></datafield><datafield ind1="1" ind2="3" tag="246"><subfield code="a">Lincoln leader</subfield></datafield><datafield ind1=" " ind2=" " tag="260"><subfield code="a">Lincoln, Washington County, Ark. :</subfield><subfield code="b">Boyce Davis</subfield></datafield><datafield ind1=" " ind2=" " tag="300"><subfield code="a">v.</subfield></datafield><datafield ind1=" " ind2=" " tag="310"><subfield code="a">Weekly</subfield></datafield><datafield ind1="0" ind2=" " tag="362"><subfield code="a">Vol. 31, no. 33 (May 1, 1969)-v. 36, no. 45 (Aug. 15, 1974).</subfield></datafield><datafield ind1=" " ind2=" " tag="515"><subfield code="a">Numbering is irregular.</subfield></datafield><datafield ind1=" " ind2="0" tag="651"><subfield code="a">Lincoln (Ark.)</subfield><subfield code="v">Newspapers.</subfield></datafield><datafield ind1=" " ind2=" " tag="752"><subfield code="a">United States</subfield><subfield code="b">Arkansas</subfield><subfield code="c">Washington</subfield><subfield code="d">Lincoln.</subfield></datafield><datafield ind1="0" ind2="0" tag="780"><subfield code="t">Lincoln leader (Lincoln, Ark. : 1938)</subfield><subfield code="w">(DLC)sn 89051003</subfield></datafield><datafield ind1="0" ind2="0" tag="785"><subfield code="t">Lincoln leader (Lincoln, Ark. : 1974)</subfield><subfield code="w">(DLC)sn 89051005</subfield></datafield></record>